\PassOptionsToPackage{hyphens}{url}\usepackage{hyperref}

@article{baehr2020machine,
  title     =   {Machine learning and structural characteristics for reverse engineering},
  author    =   {Baehr, Johanna and Bernardini, Alessandro and Sigl, Georg and Schlichtmann, Ulf},
  journal   =   {Integration},
  volume    =   {72},
  pages     =    {1--12},
  year      =   {2020},
  publisher =    {Elsevier}
}

@inproceedings{Lipp2018meltdown,
 author     =   {Moritz Lipp and Michael Schwarz and Daniel Gruss and Thomas Prescher and Werner Haas and Anders Fogh and Jann Horn and Stefan Mangard and Paul Kocher and Daniel Genkin and Yuval Yarom and Mike Hamburg},
 title      =   {Meltdown: Reading Kernel Memory from User Space},
 booktitle  =   {27th {USENIX} Security Symposium ({USENIX} Security 18)},
 year       =   {2018},
}

@inproceedings{Kocher2018spectre,
 author     =   {Paul Kocher and Jann Horn and Anders Fogh and and Daniel Genkin and Daniel Gruss and Werner Haas and Mike Hamburg and Moritz Lipp and Stefan Mangard and Thomas Prescher and Michael Schwarz and Yuval Yarom},
 title      =   {Spectre Attacks: Exploiting Speculative Execution},
 booktitle  =   {40th IEEE Symposium on Security and Privacy (S\&P'19)},
 year       =   {2019}
}

@INPROCEEDINGS{7527495,  
author      =   {T. {Meade} and Y. {Jin} and M. {Tehranipoor} and S. {Zhang}},  
booktitle   =   {2016 IEEE International Symposium on Circuits and Systems (ISCAS)},
title       =   {Gate-level netlist reverse engineering for hardware security: Control logic register identification},
year        =   {2016},  
volume      =   {},  
number      =   {},  
pages       =   {1334-1337}}

@INPROCEEDINGS{8740844,  
author      =   {M. {Brunner} and J. {Baehr} and G. {Sigl}},  
booktitle   =   {2019 IEEE International Symposium on Hardware Oriented Security and Trust (HOST)},   title={Improving on State Register Identification in Sequential Hardware Reverse Engineering},
year        =   {2019},
volume      =   {},
number      =   {}, 
pages       =   {151-160}}


@misc{feature_selection,
author      =   {Raheel Shaikh},
title       =   {Feature Selection Techniques in Machine Learning with Python},
howpublished =  {\url{https://towardsdatascience.com/feature-selection-techniques-in-machine-learning-with-python-f24e7da3f36e}},
year = {2018}
}

@article{scikit-learn,
 title={Scikit-learn: Machine Learning in {P}ython},
 author={Pedregosa, F. and Varoquaux, G. and Gramfort, A. and Michel, V.
         and Thirion, B. and Grisel, O. and Blondel, M. and Prettenhofer, P.
         and Weiss, R. and Dubourg, V. and Vanderplas, J. and Passos, A. and
         Cournapeau, D. and Brucher, M. and Perrot, M. and Duchesnay, E.},
 journal={Journal of Machine Learning Research},
 volume={12},
 pages={2825--2830},
 year={2011}
}

@article{raschkas_2018_mlxtend,
  author       = {Sebastian Raschka},
  title        = {MLxtend: Providing machine learning and data science 
                  utilities and extensions to Python’s  
                  scientific computing stack},
  journal      = {The Journal of Open Source Software},
  volume       = {3},
  number       = {24},
  month        = apr,
  year         = 2018,
  publisher    = {The Open Journal},
  doi          = {10.21105/joss.00638},
  url          = {http://joss.theoj.org/papers/10.21105/joss.00638}
}

@INPROCEEDINGS{Schult08exploringnetwork,
author      =  {Aric A. Hagberg, Daniel A. Schult and Pieter J. Swart},
title       =  {Exploring network structure, dynamics, and function using NetworkX},
booktitle   =  {Proceedings of the 7th Python in Science Conference (SciPy2008)},
year        =  {2008},
pages       =  {11--15}
}

@misc{Introduc78:online,
author = {Nagesh Singh Chauhan},
title = {Introduction to Artificial Neural Networks(ANN) - Towards Data Science},
howpublished = {\url{https://towardsdatascience.com/introduction-to-artificial-neural-networks-ann-1aea15775ef9}},
year = {2019},
}


@misc{SingleNeuron,
author = {FAIZAN SHAIKH},
title = {Why are GPUs necessary for training Deep Learning models?},
howpublished = {\url{https://www.analyticsvidhya.com/blog/2017/05/gpus-necessary-for-deep-learning/}},
year = {2017}
}

@article{DeepFeedForwardNeuralNetwork,
author = {Bre, Facundo and Gimenez, Juan and Fachinotti, Víctor},
year = {2017},
month = {11},
pages = {},
title = {Prediction of wind pressure coefficients on building surfaces using Artificial Neural Networks},
volume = {158},
journal = {Energy and Buildings},
doi = {10.1016/j.enbuild.2017.11.045}
}

@InProceedings{ mckinney-proc-scipy-2010,
  author    = { {W}es {M}c{K}inney },
  title     = { {D}ata {S}tructures for {S}tatistical {C}omputing in {P}ython },
  booktitle = { {P}roceedings of the 9th {P}ython in {S}cience {C}onference },
  pages     = { 56 - 61 },
  year      = { 2010 },
  editor    = { {S}t\'efan van der {W}alt and {J}arrod {M}illman },
  doi       = { 10.25080/Majora-92bf1922-00a }
}

@misc{chollet2015keras,
  title={Keras},
  author={Chollet, Fran\c{c}ois and others},
  year={2015},
  howpublished={\url{https://keras.io}},
}


@misc{Talos,
  title={Autonomio Talos [Computer software]},
  author={},
  year={2019},
  howpublished={\url{http://github.com/autonomio/talos}},
}

@misc{Centrali48:online,
author = {},
title = {Centrality - Wikipedia},
howpublished = {\url{https://en.wikipedia.org/wiki/Centrality#Degree_centrality}},
month = {},
year = {},
}

@misc{Learnhow39:online,
author = {},
title = {Learn how to use TensorFlow 2.0 for machine learning in this MASSIVE free course},
howpublished = {\url{https://www.freecodecamp.org/news/massive-tensorflow-2-0-free-course/}},
month = {},
year = {},
}